@misc{couchdb,
  author = {{Apache Software Foundation}},
  title = {{ Apache CouchDB }},
  howpublished = {\url{https://couchdb.apache.org}},
  note = {Versión: 3.0.0 Accedido: 2020-03-22}
}

@misc{terminusdb,
  author = {{DataChemist}},
  title = {{ TerminusDB }},
  howpublished = {\url{https://terminusdb.com/}},
  note = {Versión: 1.1.2 Accedido: 2020-03-22}
}

@misc{jena,
  author = {{Apache Software Foundation}},
  title = {{ Apache Jena }},
  howpublished = {\url{https://jena.apache.org/}},
  note = {Versión: 3.14.0 Accedido: 2020-03-22}
}

@misc{django,
  author = {{Django Software Foundation}},
  title = {{ Django }},
  howpublished = {\url{https://www.djangoproject.com}},
  note = {Versión: 3.0.4 Accedido: 2020-03-22}
}

@misc{virtuoso,
  author = {{OpenLink Software}},
  title = {{ Virtuoso }},
  howpublished = {\url{https://virtuoso.openlinksw.com/}},
  note = {Versión: 8.3 Accedido: 2020-03-22}
}

@misc{marklogic,
  author = {{MarkLogic Corporation}},
  title = {{MarkLogic}},
  howpublished = {\url{https://www.marklogic.com/product/marklogic-database-overview/}},
  note = {Versión: 10.0 Accedido: 2020-03-22}
}

@article{cliopatria,
  title={ClioPatria: a SWI-Prolog infrastructure for the Semantic Web},
  author={Wielemaker, Jan and Beek, Wouter and Hildebrand, Michiel and Van Ossenbruggen, Jacco},
  journal={Semantic Web},
  volume={7},
  number={5},
  pages={529--541},
  year={2016},
  publisher={IOS Press}
}

@article{prolog,
  title={Swi-prolog},
  author={Wielemaker, Jan and Schrijvers, Tom and Triska, Markus and Lager, Torbj{\"o}rn},
  journal={Theory and Practice of Logic Programming},
  volume={12},
  number={1-2},
  pages={67--96},
  year={2012},
  publisher={Cambridge University Press}
}

@misc{vscode,
  author = {{Microsoft}},
  title = {{ Visual Studio Code }},
  howpublished = {\url{https://code.visualstudio.com/}},
  note = {Versión: 1.44.2 Accedido: 2020-04-22}
}

@TechReport{cnt,
  author      = "Carlos A. Velasco and Johannes Koch and Philip Ackermann",
  title       = "Representing Content in {RDF} 1.0",
  month       = feb,
  note        = "https://www.w3.org/TR/2017/NOTE-Content-in-RDF10-20170202/",
  year        = "2017",
  bibsource   = "https://w2.syronex.com/jmr/w3c-biblio",
  type        = "{W3C} Note",
  institution = "W3C",
}

@misc{scrum,
  title={The Scrum Guide. November 2017},
  author={Schwaber, Ken and Sutherland, Jeff},
  year={2017}
}

@misc{fibonacci,
  author = "Mike Cohn",
  title = "Why the Fibonacci Sequence Works Well for Estimating",
  howpublished = {\url{https://www.mountaingoatsoftware.com/blog/why-the-fibonacci-sequence-works-well-for-estimating}},
  note = {Accedido: 2020-06-21}
}

@misc{smi,
  author = "Ángela Martínez Labrador",
  title = "El Salario Mínimo Interprofesional 2020 entra en vigor con alguna sorpresa",
  howpublished = {\url{https://www.grupo2000.es/asi-sera-tu-nomina-en-2020-tras-congelarse-el-salario-minimo/}},
  note = {Accedido: 2020-06-21}
}
